<?xml version="1.0" encoding="UTF-8"?><collection xmlns="http://www.loc.gov/MARC21/slim"><record><leader>00426nam--2200145-i-4500</leader><controlfield tag="001">000027718</controlfield><controlfield tag="002">20161230</controlfield><controlfield tag="005">20161230201036</controlfield><controlfield tag="008">060222s1000------------r-----000-0-eng-d</controlfield><datafield ind1=" " ind2=" " tag="080"><subfield code="a">621.396(024)=59</subfield></datafield><datafield ind1=" " ind2=" " tag="100"><subfield code="a">Krilov, N.N</subfield></datafield><datafield ind1=" " ind2=" " tag="245"><subfield code="a">Bazele teoretice ale radiotehnicii. trad.din l.rusa</subfield></datafield><datafield ind1=" " ind2=" " tag="260"><subfield code="a">[Bucuresti], Ed.Energ.De Stat, 1955, 334[-337]P</subfield></datafield><datafield ind1=" " ind2=" " tag="490"><subfield code="a">Ministerul Energ.Elec.Si Industr.Electrotehnice</subfield></datafield><datafield ind1=" " ind2=" " tag="852"><subfield code="a">4022</subfield></datafield></record></collection>